@online{knuthwebsite,
    author   = {Nguyễn Quốc An},
    title    = {Next Anime is a free anime watch website built using Consumet API },
    url      = {https://github.com/an678-mhg/next-anime/tree/main},
    keywords = {latex,knuth},
}
@online{moi,
    author   = {Pinterest},
    title    = {Anime Picture},
    url      = {https://www.pinterest.com/},
    keywords = {latex,knuth},
}